<?xml version="1.0" encoding="UTF-8"?><collection xmlns="http://www.loc.gov/MARC21/slim"><record><leader>00359nam--2200121-i-4500</leader><controlfield tag="001">000027040</controlfield><controlfield tag="002">20161230</controlfield><controlfield tag="005">20161230201036</controlfield><controlfield tag="008">060222s1000------------r-----000-0-eng-d</controlfield><datafield ind1=" " ind2=" " tag="080"><subfield code="a">621.039:669.822</subfield></datafield><datafield ind1=" " ind2=" " tag="245"><subfield code="a">Intrebuintarea uraniului in tehnica nucleara. (energetica nucleara)</subfield></datafield><datafield ind1=" " ind2=" " tag="260"><subfield code="a">Bucuresti, Institutul De Documentare Tehnica, 1967, 6p</subfield></datafield><datafield ind1=" " ind2=" " tag="852"><subfield code="a">D.1208</subfield></datafield></record></collection>